@FOOTNOTE{Note,key="Note",note="Courtesy: Asb\'oth \protect \emph  {et al.}, \protect \url  {arXiv:1509.02295v1} "}
@FOOTNOTE{Note,key="Note",note="\protect \color  {dgreen}{Yao and Wang, Phys. Rev. Lett., {\protect \bf  121}, 086803 (2018)}"}
@CONTROL{REVTEX41Control}
@CONTROL{apsrev41Control,author="08",editor="1",pages="0",title="",year="1"}
